<?xml version="1.0" encoding="UTF-8"?><collection xmlns="http://www.loc.gov/MARC21/slim"><record><leader>00298nam--2200121-i-4500</leader><controlfield tag="001">000030426</controlfield><controlfield tag="002">20161230</controlfield><controlfield tag="005">20161230201038</controlfield><controlfield tag="008">060222s1000------------r-----000-0-eng-d</controlfield><datafield ind1=" " ind2=" " tag="100"><subfield code="a">Maertz, Lothar</subfield></datafield><datafield ind1=" " ind2=" " tag="245"><subfield code="a">Retezarea rapida a pieselor groase</subfield></datafield><datafield ind1=" " ind2=" " tag="260"><subfield code="a">Bucuresti, Ccs, 1957. 56/60/P</subfield></datafield><datafield ind1=" " ind2=" " tag="852"><subfield code="a">4547</subfield></datafield></record></collection>